% This file was created with JabRef 2.7.2.
% Encoding: MacRoman

@book{Bibeault:2008:JA:1407181,
 author = {Bibeault, Bear and Katz, Yehuda},
 title = {Jquery in action},
 year = {2008},
 isbn = {9781933988351},
 publisher = {Manning Publications Co.},
 address = {Greenwich, CT, USA},
}

@ARTICLE{oauth,
  author = {E. Hammer},
  title = {{The OAuth 2.0 Authorization Protocol}},
  journal = {IETF Internet-Draft draft-ietf-oauth-v2-23},
  year = {2012},
  month = {January},
  owner = {anuj},
  timestamp = {2010.11.25}
}

@ARTICLE{rfc4133,
  author = {A. Bierman and K. McCloghrie},
  title = {{Entity MIB (Version 3)}},
  journal = {IETF RFC 4133},
  year = {2005},
  month = {August},
  owner = {anuj},
  timestamp = {2011.02.01}
}

@ARTICLE{rfc3433,
  author = {A. Bierman and D. Romascanu and K.C. Norseth},
  title = {{Entity Sensor Management Information Base}},
  journal = {IETF RFC 3433},
  year = {2002},
  month = {December},
  owner = {anuj},
  timestamp = {2011.02.01}
}

@ARTICLE{rfc-1,
  author = {A. Brandt and J. Buron and G. Porcu},
  title = {{Home Automation Routing Requirements in Low-Power and Lossy Networks}},
  journal = {IETF RFC 5826},
  year = {2010},
  month = {April},
  owner = {anuj},
  timestamp = {2011.02.01}
}

@INPROCEEDINGS{Clausen2011,
  author = {Clausen, T. and Herberg, U. and Philipp, M.},
  title = {{A critical evaluation of the IPv6 Routing Protocol for Low Power
	and Lossy Networks (RPL)}},
  booktitle = {Proc. IEEE 7th Int Wireless and Mobile Computing, Networking and
	Communications (WiMob) Conf},
  year = {2011},
  pages = {365--372},
  __markedentry = {[anuj:6]},
  owner = {anuj},
  timestamp = {2012.01.11}
}

@INPROCEEDINGS{contiki-2,
  author = {Dunkels, Adam and Gronvall, Bjorn and Voigt, Thiemo},
  title = {{Contiki - A Lightweight and Flexible Operating System for Tiny Networked
	Sensors}},
  booktitle = {Proceedings of the 29th Annual IEEE International Conference on Local
	Computer Networks},
  year = {2004},
  series = {LCN '04},
  pages = {455--462},
  address = {Washington, DC, USA},
  publisher = {IEEE Computer Society},
  acmid = {1034117},
  doi = {http://dx.doi.org/10.1109/LCN.2004.38},
  isbn = {0-7695-2260-2},
  numpages = {8},
  owner = {anuj},
  timestamp = {2011.11.09}
}

@INPROCEEDINGS{durvy08making,
  author = {Mathilde Durvy and Julien Abeill\'e and Patrick Wetterwald and Colin
	O'Flynn and Blake Leverett and Eric Gnoske and Michael Vidales and
	Geoff Mulligan and Nicolas Tsiftes and Niclas Finne and Adam Dunkels},
  title = {{Making Sensor Networks IPv6 Ready}},
  booktitle = {{Proceedings of the Sixth ACM Conference on Networked Embedded Sensor
	Systems (ACM SenSys 2008), poster session}},
  year = {2008},
  address = {Raleigh, North Carolina, USA},
  month = {November},
  owner = {anuj},
  timestamp = {2011.11.09}
}

@ARTICLE{rfc-4,
  author = {J. Hui and P. Thubert},
  title = {{Compression Format for IPv6 Datagrams over IEEE 802.15.4-Based Networks}},
  journal = {IETF RFC 6282},
  year = {2011},
  month = {September},
  owner = {anuj},
  timestamp = {2011.02.01}
}

@ARTICLE{iec61158,
  author = {{IEC International Standard}},
  title = {{Industrial communication networks - Fieldbus specifications}},
  journal = {IEC 61158},
  year = {2003},
  owner = {anuj},
  timestamp = {2011.02.01}
}

@ARTICLE{iec62053-31,
  author = {{IEC International Standard}},
  title = {{Electricity metering equipment (a.c.) - Particular requirements
	- Part 31: Pulse output devices for electromechanical and electronic
	meters (two wires only)}},
  journal = {IEC 62053-31},
  year = {1998},
  owner = {anuj},
  timestamp = {2011.02.01}
}

@INPROCEEDINGS{rpl-evaluation-3,
  author = {J. Ko and S. Dawson-Haggerty and O. Gnawali and D. Culler and A.
	Terzis},
  title = {{Evaluating the Performance of RPL and 6LoWPAN in TinyOS}},
  booktitle = {Workshop on Extending the Internet to Low power and Lossy Networks
	(IP+SN 2011)},
  year = {2011},
  address = {Chicago, IL, USA},
  month = {April},
  owner = {anuj},
  timestamp = {2011.11.09}
}

@INPROCEEDINGS{rpl-evaluation-4,
  author = {J. Ko and J. Eriksson and N. Tsiftes and S. Dawson-Haggety and A.
	Terzis and A. Dunkels and D. Culler},
  title = {{ContikiRPL and TinyRPL: Happy Together}},
  booktitle = {Workshop on Extending the Internet to Low power and Lossy Networks
	(IP+SN 2011)},
  year = {2011},
  address = {Chicago, IL, USA},
  month = {April},
  owner = {anuj},
  timestamp = {2011.11.09}
}

@ARTICLE{rpl-mib,
  author = {K. Korte and J. Sch\"{o}nw\"{a}lder and A. Sehgal and T. Zhou and
	C. Zhou},
  title = {{Definition of Managed Objects for the IPv6 Routing Protocol for
	Low power and Lossy Networks (RPL)}},
  journal = {IETF Internet-Draft draft-sehgal-roll-rpl-mib-02},
  year = {2011},
  month = {October},
  owner = {anuj},
  timestamp = {2010.11.25}
}

@MASTERSTHESIS{snmp-contiki,
  author = {Siarhei Kuryla},
  title = {{Implementation and Evaluation of the Simple Network Management Protocol
	over IEEE 802.15.4 Radios under the Contiki Operating System}},
  school = {Jacobs University Bremen},
  year = {2010},
  owner = {anuj},
  timestamp = {2010.11.25}
}

@INPROCEEDINGS{aims-snmp-contiki,
  author = {Siarhei Kuryla and J. Sch\"{o}nw\"{a}lder},
  title = {{Evaluation of the Resource Requirements of SNMP Agents on Constrained
	Devices}},
  booktitle = {5th Conference on Autonomous Infrastructure, Management and Security
	(AIMS 2011), Springer LNCS 6734},
  year = {2011},
  month = {June},
  owner = {anuj},
  timestamp = {2010.11.25}
}

@ARTICLE{6lowpan-1,
  author = {N. Kushalnagar and G. Montenegro and C. Schumacher.},
  title = {{IPv6 over Low-Power Wireless Personal Area Networks (6LoWPANs):
	Overview, Assumptions, Problem Statement and Goals}},
  journal = {IETF RFC 4919},
  year = {2007},
  month = {August},
  owner = {anuj},
  timestamp = {2011.02.01}
}

@ARTICLE{rfc-3,
  author = {J. Martocci and P. Mil and N. Riou and W. Vermeylen},
  title = {{Building Automation Routing Requirements in Low-Power and Lossy
	Networks}},
  journal = {IETF RFC 5867},
  year = {2010},
  month = {June},
  owner = {anuj},
  timestamp = {2011.02.01}
}

@ARTICLE{rfc-5,
  author = {G. Montenegro and N. Kushalnagar and J. Hui and D. Culler},
  title = {{Transmission of IPv6 Packets over IEEE 802.15.4 Networks}},
  journal = {IETF RFC 4944},
  year = {2007},
  month = {September},
  owner = {anuj},
  timestamp = {2011.02.01}
}

@ARTICLE{rfc-2,
  author = {K. Pister and P. Thubert and S. Dwars and T. Phinney},
  title = {{Industrial Routing Requirements in Low-Power and Lossy Networks}},
  journal = {IETF RFC 5673},
  year = {2009},
  month = {October},
  owner = {anuj},
  timestamp = {2011.02.01}
}

@ARTICLE{nodejs:2010,
  author = {Tilkov, S. and Vinoski, S.},
  title = {{Node.js: Using JavaScript to Build High-Performance Network Programs}},
  journal = {Internet Computing, IEEE},
  year = {2010},
  volume = {14},
  pages = {80 -83},
  number = {6},
  month = {nov.-dec.},
  doi = {10.1109/MIC.2010.145},
  issn = {1089-7801},
  keywords = {Node.js;concurrent program;event-driven programming model;high performance
	network program;mainstream multithreading;server-side JavaScript
	space;Java;}
}

@ARTICLE{rpl-evaluation-2,
  author = {J. Tripathi and J. Oliveira and J. Vasseur},
  title = {{Performance Evaluation of Routing Protocol for Low Power and Lossy
	Networks (RPL)}},
  journal = {IETF Internet-Draft draft-tripathi-roll-rpl-simulation-07},
  year = {2011},
  month = {August},
  owner = {anuj},
  timestamp = {2011.02.01}
}

@INPROCEEDINGS{rpl-evaluation-1,
  author = {J. Tripathi and J. Oliveira and J. Vasseur},
  title = {{A Performance Evaluation Study of RPL: Routing Protocol for Low
	Power and Lossy Networks}},
  booktitle = {44th Annual Conference on Information Sciences and Systems (CISS)},
  year = {2010},
  address = {Princeton, NY},
  publisher = {IEEE},
  owner = {anuj},
  timestamp = {2011.11.09}
}

@ARTICLE{rpl-1,
  author = {T. Winter and P. Thubert},
  title = {{RPL: IPv6 Routing Protocol for Low power and Lossy Networks}},
  journal = {IETF Internet-Draft draft-ietf-roll-rpl-12.txt},
  year = {2010},
  month = {October},
  owner = {anuj},
  timestamp = {2011.02.01}
}

@comment{jabref-meta: selector_review:}

@comment{jabref-meta: selector_publisher:}

@comment{jabref-meta: selector_author:}

@comment{jabref-meta: selector_journal:}

@comment{jabref-meta: selector_keywords:}

